
@misc{afrizal2016,
	title = {Aspiradores {Autom{'a}ticos} de {Piscinas}},
	url = {http://www.afrizal.pt/pdf/PISCINAS/S-ASPIRADORES\_PISCINA.pdf},
	language = {Portugu{\^e}s},
	urldate = {2016-03-30},
	author = {AFRIZAL}
}

@misc{assumpcao2016,
	title = {Arte {Ref}},
	url = {http://arteref.com/wp-content/uploads/2013/04/Flora-Assumpcao\_PISCINA-I\_2011\_a.jpg},
	language = {Portugu{\^e}s},
	urldate = {2016-06-04},
	author = {Assump{\c c}{\'a}o, Flora},
	year = {2014}
}

@misc{bortoluzzi2013,
	title = {Hist{ \'o}rico da {Automa{\c c}{\~a}o} {Residencial}},
	url = {http://sraengenharia.blogspot.com.br/2013/01/historico-da-automacao-residencial\_10.html},
	language = {Portugu{\ê}s},
	urldate = {2016-04-04},
	journal = {SRA Engenharia},
	author = {Bortoluzzi, Matias},
	month = oct,
	year = {2013}
}

@phdthesis{braga2014,
	address = {Rio de Janeiro},
	type = {{TCC}},
	title = {Estudo para fabrica{\c c}{\~a}o de um prot{\'o}tipo de rob{\^o} m{\'o}vel com rodas para aspira{\c c}{\~a}o de p{\'o} dom{\'e}stica},
	url = {http://monografias.poli.ufrj.br/monografias/monopoli10012128.pdf},
	language = {Portugu{\^e}s},
	urldate = {2016-03-30},
	school = {Universidade Federal do Rio de Janeiro},
	author = {Braga, Frederico Castro},
	month = sep,
	year = {2014}
}

@misc{datafolha2014,
	title = {Limpeza de piscina tem alta de 2,7\%},
	url = {http://datafolha.folha.uol.com.br/precos/2014/03/1430663-limpeza-de-piscina-tem-alta-de-27.shtml},
	language = {Portugu{\^e}s},
	urldate = {2016-07-04},
	author = {DATAFOLHA},
	month = mar,
	year = {2014}
}

@misc{santaclara2016,
	title = {Escova cil{\'i}ndrica},
	url = {http://escovasantaclara.com.br/inicio\_/escova-cilindrica/},
	language = {Portugu{\^e}s},
	urldate = {2016-03-30},
	journal = {Escovas Santa Clara, Ind{\'u}stria e Com{\ é}rcio LTDA},
	author = {ESCOVAS SANTA CLARA}
}

@phdthesis{kanno2014,
	address = {Curitiba},
	type = {{TCC}},
	title = {Rob{\^o} {Limpador} de {Parede} de {Piscina}},
	language = {Portugu{\^e}s},
	school = {Universidade Tecnol{\'o}gica Federal do Paran{\'a}},
	author = {Kanno, Ernesto Kenji and Moraes, Leonardo Felipe P. de and Dobuchak, Lucas Martins},
	year = {2014}
}

@misc{megapiscinas2016,
	title = {Manual de {Limpeza} e {Conserva{\c c}{\~a}o} {MEGAPISCINAS}},
	url = {http://www.megapiscinas.com.br/manual\_limpeza.pdf},
	language = {Portugu{\^e}s},
	urldate = {2016-04-04},
	author = {MEGAPISCINAS},
	month = nov,
	year = {2016}
}

@techreport{miura2006,
	address = {S{\~a}o Paulo},
	title = {Projeto e execu{\c c}{\~a}o de um aspirador aut{\^o}nomo de piscinas},
	url = {http://sites.poli.usp.br/d/pme2600/2006/Artigos/Art\_TCC\_042\_2006.pdf},
	language = {Portugu{\^e}s},
	urldate = {2016-04-04},
	institution = {Universidade de S{\~a}o Paulo},
	author = {Miura, Leandro Tadao and Junior, Mario Zan Ferreira},
	 year = {2006},
	pages = {9}
}

@inproceedings{oliveira2008,
	title = {Robô {Limpador} de {Piscinas}},
	url = {http://www.inicepg.univap.br/cd/INIC\_2008/anais/arquivosINIC/INIC0399\_04\_A.pdf},
	language = {Portugu{\^e}s},
	urldate = {2016-03-30},
	author = {Oliveira, Reginaldo de and Rodrigues, Vivian Machado and Paiva, Wembley Carlos de and J{\'u}nior, Alderico R. de Paula and Barbosa, Luis Filipe Wiltgen},
	year = {2008},
	pages = {4}
}

@misc{oracle2016,
	title = {Fusion {Middleware} {Concepts} {Guide}},
	url = {http://docs.oracle.com/cd/E12839\_01/core.1111/e10103/intro.htm#ASCON109},
	language = {Ingl{\^e}s},
	urldate = {2016-05-04},
	journal = {Oracle Help Center},
	author = {ORACLE},
	year = {2016}
}

@misc{pentair2012,
	title = {{PENTAIR}},
	url = {http://www.pentairpiscinas.com.br/produtos/limpador-de-piscina/sandsharktm/},
	language = {Portugu{\^e}s},
	urldate = {2016-05-04},
	journal = {SANDSHARK},
	author = {PENTAIR},
	year = {2012}
}

@misc{poolshop2016,
	title = {Aspirador {Autom{\'a}tico} {Wave} 50- {Pentair} {Sibrape}},
	url = {http://poolshop.com.br/loja/aspiradores-automaticos-automacao-loja/aspirador-automatico-wave-50-pentair-sibrape/},
	language = {Portugu{\^e}s},
	urldate = {2016-06-04},
	journal = {Pool Shop, Piscinas e Aquecedores},
	author = {POOL SHOP}
}

@techreport{santos2010,
	address = {Fernando Pessoa},
	title = {Os pl{\'a}sticos na constru{\c c}{\~a}o civil.},
	language = {Portugu{\^e}s},
	institution = {Universidade Fernando Pessoa},
	author = {Santos, Rui},
	year = {2010}
}

@techreport{silva2015,
	address = {Porto},
	title = {Os {Robots} no nosso dia a dia},
	language = {Portugu{\^e}s},
	institution = {Faculdade de Engenharia da Universidade do Porto},
	author = {Silva, Catarina Isabel S. and Cruz, Daniel Jacome da and Teixeira, Diogo G. Amorim and Monteiro, In{\^e}s Sofia S. and Cunha, Jos{\'e} Maria L. M. and Nascimento, Nuno A. M. F. P.},
	year = {2015},
	pages = {24}
}

@misc{sodramar2016,
	title = {Equipamentos e {Access{\'o}rios}},
	url = {http://www.sodramar.com.br/Categoria.asp?catCodigo=14&acao=Categorias},
	language = {Portugu{\^e}s},
	urldate = {2016-06-04},
	journal = {SODRAMAR, a piscina dos seus sonhos},
	author = {SODRAMAR}
}

@misc{stuart2016,
	title = {Robotic {Pool} {Cleaner}},
	url = {http://roboticpoolcleaner.reviews/author/bill-stuart},
	language = {Ingl{\^e}s},
	urldate = {2016-05-04},
	journal = {Best Robots},
	author = {Stuart, Bill},
	year = {2016}
}

@misc{sunplay2016,
	title = {Dolphin {Nautilus} {Pool} {Cleaner}},
	url = {http://www.sunplay.com/dolphin-nautilus-robotic-pool-cleaner-99996323},
	urldate = {2016-05-04},
	journal = {Dolphin Nautilus Pool Cleaner},
	author = {SUNPLAY},
	year = {2016}
}

@misc{tech2007,
	title = {The {iRobot} {By} {Roomba} {Goes} {Red}},
	url = {http://www.popsugar.com/tech/iRobot-Roomba-Goes-Red-272459#photo-272459},
	language = {Ingl{\^e}s},
	urldate = {2016-04-04},
	journal = {Popsugar},
	author = {TECH},
	month = may,
	year = {2007}
}

@misc{windows2016,
	title = {O que é um driver},
	url = {http://windows.microsoft.com/pt-br/windows/what-is-driver#1TC=windows-7},
	language = {Portugu{\^e}s},
	urldate = {2016-05-04},
	journal = {Microsoft},
	author = {WINDOWS},
	year = {2016}
}